@online{wiki:cg,
  author       = "Wikipedia",
  title        = "Компьютерная графика",
  howpublished = "Википедия, свободная энциклопедия",
  year         = {2018},
  url          = {https://ru.wikipedia.org/wiki/Компьютерная_графика#Основные_области_применения},
  urldate      = "29.05.2018",
  language     = "russian"
}
@online{wiki:rt,
  author       = "Wikipedia",
  title        = "Ray Tracing",
  howpublished = "Википедия, свободная энциклопедия",
  year         = {2018},
  url          = {https://ru.wikipedia.org/wiki/Трассировка_лучей},
  urldate      = "29.05.2018",
  language     = "russian"
}
@online{wiki:fong,
  author       = "Wikipedia",
  title        = "Затенение по Фонгу",
  howpublished = "Википедия, свободная энциклопедия",
  year         = {2016},
  url          = {https://ru.wikipedia.org/wiki/Затенение_по_Фонгу},
  urldate      = "29.05.2018",
  language     = "russian"
}
@online{wiki:shader,
  author       = "Wikipedia",
  title        = "Шейдера",
  howpublished = "Википедия, свободная энциклопедия",
  year         = {2018},
  url          = {https://ru.wikipedia.org/wiki/Шейдер},
  urldate      = "29.05.2018",
  language     = "russian"
}
